%%% BOOKS AND SURVEYS %%%

@book{Talagrand-book05,
   author 	= {Michel Talagrand},
   title 	= "{The Generic Chaining: Upper and Lower Bounds of Stochastic Processes}",
   publisher 	= "Springer",
   year 	= {2005},
}


@book{DubhashiPanconesi-book09,
   author 	= {Devdatt P. Dubhashi and Alessandro Panconesi},
   title 	= "{Concentration of Measure for the Analysis of Randomized Algorithms}",
   publisher 	= "Cambridge University Press",
   year 	= {2009},
}


@book{MitzUpfal-book05,
   author 	= { Michael Mitzenmacher and Eli Upfal},
   title 	= "{Probability and Computing: Randomized Algorithms and Probabilistic Analysis}",
   publisher 	= "Cambridge University Press",
   year 	= {2005},
}

@incollection{McDiarmid-concentration,
   author 	= {Colin McDiarmid},
   title 	= "{Concentration}",
   booktitle = "Probabilistic Methods for Discrete Mathematics",
   editor 	= "M. Habib. C. McDiarmid. J. Ramirez and B. Reed",
   publisher 	= "Springer-Verlag",
   address 	= "Berlin",
   pages 	= {195-248},
   year 	= {1998}
}

@book{Rag95,
author = "R. Motwani and P. Raghavan",
title = "{Randomized algorithms}",
publisher = "Cambridge University Press",
year = {1995}
}


@book{ProbabilisticMethod,
   author 	= {Noga Alon and Joel Spencer},
   title 	= "{The Probabilistic Method}",
   edition	= "2nd",	
   publisher 	= "John Wiley \& Sons",
   address 	= "New York",
   year 	= {2000},
   series	= "Wiley-Interscience Series in Discrete Mathematics and Optimization",
}


@article{BerryEsseen-survey05,
   author 	= {K.  Neammanee},
   title 	= "{On the constant in the nonuniform version of the Berry-Esseen theorem}",
   journal 	= "Intl. J. of Mathematics and Mathematical Sciences ",
   volume 	= "2005:12",
   pages 	= {1951-1967},
   year 	= {2005}
}

%%%%%%%%% books on random graphs %%%%%%%%%

@book{Durrett-graphs07,
   author 	= {Rick Durrett},
   title 	= "{Random Graph Dynamics}",
   publisher 	= "Cambridge University Press",
   year 	= {2007}
}

@book{Bollobas-book01,
   author 	= {Bela Bollob\'{a}s},
   title 	= "{Random Graphs}",
   publisher 	= "Cambridge University Press",
   edition  = "2nd",
   year 	= {2001},
}


@book{Bollobas-book09,
   author 	= {By B\'{e}la Bollob\'{a}s and Robert Kozma and Dezs\"{o} Mikl\'{o}s},
   title 	= "{Handbook of Large-Scale Random Networks (Bolyai Society Mathematical Studies)}",
   publisher 	= "Springer",
   year 	= {2009},
}


@article{Newman-survey03,
   author 	= {M.E.J. Newman},
   title 	= "{The structure and function of complex networks}",
   journal 	= "SIAM Review",
   volume 	= "45",
   pages 	= {167–-256},
   year 	= {2003}
}


%%%%%%%%%%%%%%%% original papers on concentration inequalities %%%%%

@article{Fre75,
author = {D. A. Freedman},
title = {On tail probabilities for martingales},
journal = {The Annals of Probability},
volume = {3},
pages = {100--118},
year = {1975}
}

@article{Hoeffding63,
     title = {Probability Inequalities for Sums of Bounded Random Variables},
     author = {Wassily Hoeffding},
     journal = {Journal of the American Statistical Association},
     volume = {58},
     number = {301},
     pages = {pp. 13-30},
     year = {1963}
}

%%%%%%%%%%%%%%%%%%%%%%%%%%%%% original papers on random graphs %%%%%%%%


@article{Gilbert-ERgraphs59,
   author 	= {Edgar Gilbert},
   title 	= "{Random graphs}",
   journal 	= "Annals of Mathematical Statistics",
   volume 	= "30",
   pages 	= {1141–-1144},
   year 	= {1959}
}

@article{ER-ERgraphs59,
   author 	= {Paul Erd\"{o}s and Alfr\'{e}d R\'{e}nyi},
   title 	= "{On random graphs I}",
   journal 	= "Publicationes Mathematicae",
   volume 	= "6",
   pages 	= {290–-297},
   year 	= {1959}
}

@article{ER-ERgraphs60,
   author 	= {Paul Erd\"{o}s and Alfr\'{e}d R\'{e}nyi},
   title 	= "{On the evolution of random graphs}",
   journal 	= "Publications of the Mathematical Institute of the Hungarian Academy of Sciences",
   volume 	= "5",
   pages 	= {17--61},
   year 	= {1960}
}

@article{ER-ERgraphs61,
   author 	= {Paul Erd\"{o}s and Alfr\'{e}d R\'{e}nyi},
   title 	= "{On the strength of connectedness of a random graph}",
   journal 	= "Acta Mathematica Scientia Hungary",
   volume 	= "12",
   pages 	= {261--267},
   year 	= {1961}
}


%%% M.E.J. Newman's survey also lists these papers by A. Rapoport:

@article{Rapoport-ERgraphs51,
   author 	= {Anatol Rapoport and R. Solomonoff},
   title 	= "{Connectivity of random nets}",
   journal 	= "Bulletin of Mathematical Biophysics",
   volume 	= "13",
   pages 	= {107--117},
   year 	= {1951}
}

@article{Rapoport-ERgraphs57,
   author 	= {Anatol Rapoport},
   title 	= "{Contribution to the theory of random and biased nets}",
   journal 	= "Bulletin of Mathematical Biophysics",
   volume 	= "19",
   pages 	= {257--277},
   year 	= {1957}
}

@article{Rapoport-ERgraphs61,
   author 	= {Anatol Rapport and W.J. Horvath},
   title 	= "{A study of a large sociogram}",
   journal 	= "Bulletin of Mathematical Biophysics",
   volume 	= "6",
   pages 	= {279--291},
   year 	= {1961}
}

@article{Rapoport-ERgraphs68,
   author 	= {Anatol Rapport},
   title 	= "{Cycle distribution in random nets}",
   journal 	= "Bulletin of Mathematical Biophysics",
   volume 	= "10",
   pages 	= {145--157},
   year 	= {1968}
}

%%%%%%%%%%%%%%%%

@Misc{Expanders-course02,
  author 	= "Nati Linial and Avi Wigderson",
  title 	= "{Course notes: Expander graphs and their applications}",
  howpublished 	= "http://www.math.ias.edu/~boaz/ExpanderCourse/",
  year 		= "2002"
}




@incollection{Jerrum96,
   author 	= {Mark Jerrum and Alistair Sinclair},
   title 	= "{The Markov chain Monte Carlo method: an approach to approximate counting and integration}",
   booktitle 	= "Approximation Algorithms for NP-hard Problems",
   editor 	= "D.S.Hochbaum",
   publisher 	= "PWS Publishing",
   address 	= "Boston, MA",
   pages 	= {482--520},
   year 	= {1996}
}

@article{Sinclair89,
   author = {Alistair Sinclair and Mark Jerrum},
   title = "{Approximate Counting, Uniform Generation, and Rapidly Mixing Markov Chains}",
   journal = "Information and Computation",
   volume = "82",
   pages = {93-133},
   year = {1989}
}


@Misc{Saberi-man06,
  author =       "T. Feder and A. Guetz and M. Mihail and Amin Saberi",
  title =        "{The Flip Markov Chain and Peer-to-Peer Networks}",
  howpublished = "Manuscript",
  year =         "2006"
}

@inproceedings{Saberi-infocom04,
   author = "Christos Gkantsidis and M. Mihail and Amin Saberi",
   title = "{Random Walks in Peer-to-Peer Networks}",
   booktitle = proc # "IEEE INFOCOM",
   year = "2004"
}

@inproceedings{Saberi-infocom05,
   author = "Christos Gkantsidis and Milena Mihail and Amin Saberi",
   title = "{"Hybrid Search Schemes for Unstructured Peer-to-Peer Networks"}",
   booktitle = proc # "IEEE INFOCOM",
   year = "2005"
}

@Book{MR95,
  author =       "Rajeev Motwani and Prabhakar Raghavan",
  title =        "Randomized algorithms",
  publisher =    "Cambridge University Press",
  address =      "Cambridge",
  year =         "1995",
}


@inproceedings{Cooper-soda05,
   author 	= {Colin Cooper and Martin Dyer and Catherine Greenhill},
   title 	= "{Sampling Regular Graphs and a Peer-to-Peer Network}",
   booktitle 	= proc # "16th" # SODA,
   pages 	= {980-988},
   year 	= {2005},
   note		= "To appear in {\em Combinatorics, Probability and Computing}."
}

@inproceedings{Vivek-infocom06,
   author = 	"Vivek Vishnumurthy and Paul Francis",
   title = 	"{On Heterogeneous Overlay Construction and Random Node Selection in Unstructured P2P Networks}",
   booktitle 	= proc # "IEEE INFOCOM",
   year 	= "2006"
}

@article{Kempe-stoc01,
   author 	= "David Kempe and Jon Kleinberg and Alan Demers",
   title 	= "{Spatial Gossip and Resource Location Protocols}",
   journal 	= "J. ACM",
   volume 	= "51(6)",
   pages 	= {943-967},
   year 	= 2004,
   note		= "Preliminary version in {\em 33rd ACM STOC}, 2001."
}

@article{Upfal-focs01,
   author 	= {Gopal Pandurangan and Prabhakar Raghavan and Eli Upfal},
   title 	= "{Building Low-Diameter P2P Networks}",
   journal 	= "IEEE Journal on Selected Areas in Communications",
   volume 	= "21(6)",
   pages 	= {995-1002},
   year 	= {2003},
   note		= "Preliminary version in {42nd IEEE FOCS}, 2001"
}


@inproceedings{LawSiu-infocom03,
   author = 	"Ching Law and Kai-Yeung Siu",
   title = 	"{Distributed construction of random expander networks}",
   booktitle 	= proc # "IEEE INFOCOM",
   pages 	= {},
   year 	= "2003"
}

@article{Wilson98,
   author 	= {David Bruce Wilson and James Gary Propp},
   title 	= "{How to Get a Perfectly Random Sample From a Generic Markov Chain and Generate a Random Spanning Tree of a Directed Graph}",
   journal 	= "Journal of Algorithms",
   volume 	= "27",
   pages 	= {170-217},
   year 	= {1998},
   note		= "Preliminary version in {7th ACM-SIAM SODA}, 1996 and {\em 28th ACM STOC}, 1996."
}

@inproceedings{Kos03,
   author = 	"Dejan Kostic and Adolfo Rodriguez and Jeannie R. Albrecht and Abhijeet Bhirud and Amin Vahdat",
   title = 	"{Using random subsets to build scalable network services}",
   booktitle 	= proc # "4th" # USITS,
   year 	= "2003"
}

@inproceedings{VKing-podc04,
   author = 	"Valerie King and Jared Saia",
   title = 	"{Choosing a random peer}",
   booktitle 	= proc # "23rd" # PODC,
   pages 	= {125-130},
   year 	= "2004"
}


@inproceedings{Allavena-podc05,
  author    = {Andr{\'e} Allavena and
               Alan J. Demers and
               John E. Hopcroft},
  title     = {Correctness of a gossip based membership protocol},
  booktitle = proc # "24th" # PODC,
  year      = {2005},
  pages     = {292-301},
}
